@article{torres2020multi,
  title={A multi-omic integrative scheme characterizes tissues of action at loci associated with type 2 diabetes},
  author={Torres, Jason M and Abdalla, Moustafa and Payne, Anthony and Fernandez-Tajes, Juan and Thurner, Matthias and Nylander, Vibe and Gloyn, Anna L and Mahajan, Anubha and McCarthy, Mark I},
  journal={The American Journal of Human Genetics},
  volume={107},
  number={6},
  pages={1011--1028},
  year={2020},
  publisher={Elsevier}
}


% 36329217 
@Article{pmid36329217,
   Author="Joffin, N.  and Gliniak, C. M.  and Funcke, J. B.  and Paschoal, V. A.  and Crewe, C.  and Chen, S.  and Gordillo, R.  and Kusminski, C. M.  and Oh, D. Y.  and Geldenhuys, W. J.  and Scherer, P. E. ",
   Title="{{A}dipose tissue macrophages exert systemic metabolic control by manipulating local iron concentrations}",
   Journal="Nat Metab",
   Year="2022",
   Volume="4",
   Number="11",
   Pages="1474--1494",
   Month="Nov"
}

% 35466128 
@Article{pmid35466128,
   Author="Ikeda, Y.  and Funamoto, M.  and Tsuchiya, K. ",
   Title="{{T}he role of iron in obesity and diabetes}",
   Journal="J Med Invest",
   Year="2022",
   Volume="69",
   Number="1.2",
   Pages="1--7"
}

% 35031684 
@Article{pmid35031684,
   Author="Nazari, M.  and Ho, K. W.  and Langley, N.  and Cha, K. M.  and Kodsi, R.  and Wang, M.  and Laybutt, D. R.  and Cheng, K.  and Stokes, R. A.  and Swarbrick, M. M.  and Gunton, J. E. ",
   Title="{{I}ron chelation increases beige fat differentiation and metabolic activity, preventing and treating obesity}",
   Journal="Sci Rep",
   Year="2022",
   Volume="12",
   Number="1",
   Pages="776",
   Month="Jan"
}

% 34646852 
@Article{pmid34646852,
   Author="Paeschke, S.  and Winter, K.  and Bechmann, I.  and ting, N.  and her, M.  and Baum, P.  and Kosacka, J.  and Nowicki, M. ",
   Title="{{M}ice {S}how {S}ignificant {H}eterogeneity in {R}esponse to {H}igh {N}on-heme {I}ron {D}iet}",
   Journal="Front Nutr",
   Year="2021",
   Volume="8",
   Pages="741249"
}

% 33876811 
@Article{pmid33876811,
   Author="Ma, W.  and Jia, L.  and Xiong, Q.  and Feng, Y.  and Du, H. ",
   Title="{{T}he role of iron homeostasis in adipocyte metabolism}",
   Journal="Food Funct",
   Year="2021",
   Volume="12",
   Number="10",
   Pages="4246--4253",
   Month="May"
}


% 32752277 
@Article{pmid32752277,
   Author="nguez, √Å.  and a, F. M.  and nguez-Riscart, J.  and nguez, R.  and Mateos, R. M.  and Lechuga-Sancho, A. M. ",
   Title="{{I}ron {M}etabolism in {O}besity and {M}etabolic {S}yndrome}",
   Journal="Int J Mol Sci",
   Year="2020",
   Volume="21",
   Number="15",
   Month="Aug"
}