
% 27309819 
@Article{pmid27309819,
   Author="Chick, J. M.  and Munger, S. C.  and Simecek, P.  and Huttlin, E. L.  and Choi, K.  and Gatti, D. M.  and Raghupathy, N.  and Svenson, K. L.  and Churchill, G. A.  and Gygi, S. P. ",
   Title="{{D}efining the consequences of genetic variation on a proteome-wide scale}",
   Journal="Nature",
   Year="2016",
   Volume="534",
   Number="7608",
   Pages="500--505",
   Month="Jun"
}

% 35533209 
@Article{pmid35533209,
   Author="Crouse, W. L.  and Keele, G. R.  and Gastonguay, M. S.  and Churchill, G. A.  and Valdar, W. ",
   Title="{{A} {B}ayesian model selection approach to mediation analysis}",
   Journal="PLoS Genet",
   Year="2022",
   Volume="18",
   Number="5",
   Pages="e1010184",
   Month="May"
}

% 32424349 
@Article{pmid32424349,
   Author="Yao, D. W.  and O'Connor, L. J.  and Price, A. L.  and Gusev, A. ",
   Title="{{Q}uantifying genetic effects on disease mediated by assayed gene expression levels}",
   Journal="Nat Genet",
   Year="2020",
   Volume="52",
   Number="6",
   Pages="626--633",
   Month="Jun"
}

% 31465442 
@Article{pmid31465442,
   Author="Kemis, J. H.  and Linke, V.  and Barrett, K. L.  and Boehm, F. J.  and Traeger, L. L.  and Keller, M. P.  and Rabaglia, M. E.  and Schueler, K. L.  and Stapleton, D. S.  and Gatti, D. M.  and Churchill, G. A.  and Amador-Noguez, D.  and Russell, J. D.  and Yandell, B. S.  and Broman, K. W.  and Coon, J. J.  and Attie, A. D.  and Rey, F. E. ",
   Title="{{G}enetic determinants of gut microbiota composition and bile acid profiles in mice}",
   Journal="PLoS Genet",
   Year="2019",
   Volume="15",
   Number="8",
   Pages="e1008073",
   Month="Aug"
}

% 29567659 
@Article{pmid29567659,
   Author="Keller, M. P.  and Gatti, D. M.  and Schueler, K. L.  and Rabaglia, M. E.  and Stapleton, D. S.  and Simecek, P.  and Vincent, M.  and Allen, S.  and Broman, A. T.  and Bacher, R.  and Kendziorski, C.  and Broman, K. W.  and Yandell, B. S.  and Churchill, G. A.  and Attie, A. D. ",
   Title="{{G}enetic {D}rivers of {P}ancreatic {I}slet {F}unction}",
   Journal="Genetics",
   Year="2018",
   Volume="209",
   Number="1",
   Pages="335--356",
   Month="May"
}

% 25533967 
@Article{pmid25533967,
   Author="Yao, C.  and Chen, B. H.  and Joehanes, R.  and Otlu, B.  and Zhang, X.  and Liu, C.  and Huan, T.  and Tastan, O.  and Cupples, L. A.  and Meigs, J. B.  and Fox, C. S.  and Freedman, J. E.  and Courchesne, P.  and O'Donnell, C. J.  and Munson, P. J.  and Keles, S.  and Levy, D. ",
   Title="{{I}ntegromic analysis of genetic variation and gene expression identifies networks for cardiovascular disease phenotypes}",
   Journal="Circulation",
   Year="2015",
   Volume="131",
   Number="6",
   Pages="536--549",
   Month="Feb"
}

% 24232670 
@Article{pmid24232670,
   Author="Jiang, G.  and Chakraborty, A.  and Wang, Z.  and Boustani, M.  and Liu, Y.  and Skaar, T.  and Li, L. ",
   Title="{{N}ew a{Q}{T}{L} {S}{N}{P}s for the {C}{Y}{P}2{D}6 identified by a novel mediation analysis of genome-wide {S}{N}{P} arrays, gene expression arrays, and {C}{Y}{P}2{D}6 activity}",
   Journal="Biomed Res Int",
   Year="2013",
   Volume="2013",
   Pages="493019"
}

% 24013639 
@Article{pmid24013639,
   Author="Westra, H. J.  and Peters, M. J.  and Esko, T.  and Yaghootkar, H.  and Schurmann, C.  and Kettunen, J.  and Christiansen, M. W.  and Fairfax, B. P.  and Schramm, K.  and Powell, J. E.  and Zhernakova, A.  and Zhernakova, D. V.  and Veldink, J. H.  and Van den Berg, L. H.  and Karjalainen, J.  and Withoff, S.  and Uitterlinden, A. G.  and Hofman, A.  and Rivadeneira, F.  and Hoen, P. A. C. ' and Reinmaa, E.  and Fischer, K.  and Nelis, M.  and Milani, L.  and Melzer, D.  and Ferrucci, L.  and Singleton, A. B.  and Hernandez, D. G.  and Nalls, M. A.  and Homuth, G.  and Nauck, M.  and Radke, D.  and lker, U.  and Perola, M.  and Salomaa, V.  and Brody, J.  and Suchy-Dicey, A.  and Gharib, S. A.  and Enquobahrie, D. A.  and Lumley, T.  and Montgomery, G. W.  and Makino, S.  and Prokisch, H.  and Herder, C.  and Roden, M.  and Grallert, H.  and Meitinger, T.  and Strauch, K.  and Li, Y.  and Jansen, R. C.  and Visscher, P. M.  and Knight, J. C.  and Psaty, B. M.  and Ripatti, S.  and Teumer, A.  and Frayling, T. M.  and Metspalu, A.  and van Meurs, J. B. J.  and Franke, L. ",
   Title="{{S}ystematic identification of trans e{Q}{T}{L}s as putative drivers of known disease associations}",
   Journal="Nat Genet",
   Year="2013",
   Volume="45",
   Number="10",
   Pages="1238--1243",
   Month="Oct"
}

% 26571352 
@Article{pmid26571352,
   Author="Green, C. R.  and Wallace, M.  and Divakaruni, A. S.  and Phillips, S. A.  and Murphy, A. N.  and Ciaraldi, T. P.  and Metallo, C. M. ",
   Title="{{B}ranched-chain amino acid catabolism fuels adipocyte differentiation and lipogenesis}",
   Journal="Nat Chem Biol",
   Year="2016",
   Volume="12",
   Number="1",
   Pages="15--21",
   Month="Jan"
}

% 23512805 
@Article{pmid23512805,
   Author="Lackey, D. E.  and Lynch, C. J.  and Olson, K. C.  and Mostaedi, R.  and Ali, M.  and Smith, W. H.  and Karpe, F.  and Humphreys, S.  and Bedinger, D. H.  and Dunn, T. N.  and Thomas, A. P.  and Oort, P. J.  and Kieffer, D. A.  and Amin, R.  and Bettaieb, A.  and Haj, F. G.  and Permana, P.  and Anthony, T. G.  and Adams, S. H. ",
   Title="{{R}egulation of adipose branched-chain amino acid catabolism enzyme expression and cross-adipose amino acid flux in human obesity}",
   Journal="Am J Physiol Endocrinol Metab",
   Year="2013",
   Volume="304",
   Number="11",
   Pages="E1175--1187",
   Month="Jun"
}


% 17018838 
@Article{pmid17018838,
   Author="Clee, S. M.  and Attie, A. D. ",
   Title="{{T}he genetic landscape of type 2 diabetes in mice}",
   Journal="Endocr Rev",
   Year="2007",
   Volume="28",
   Number="1",
   Pages="48--83",
   Month="Feb"
}

% 16199517 
@Article{pmid16199517,
   Author="Subramanian, A.  and Tamayo, P.  and Mootha, V. K.  and Mukherjee, S.  and Ebert, B. L.  and Gillette, M. A.  and Paulovich, A.  and Pomeroy, S. L.  and Golub, T. R.  and Lander, E. S.  and Mesirov, J. P. ",
   Title="{{G}ene set enrichment analysis: a knowledge-based approach for interpreting genome-wide expression profiles}",
   Journal="Proc Natl Acad Sci U S A",
   Year="2005",
   Volume="102",
   Number="43",
   Pages="15545--15550",
   Month="Oct"
}

@Article{fgsea,
    author = {Gennady Korotkevich and Vladimir Sukhov and Alexey Sergushichev},
    title = {Fast gene set enrichment analysis},
    year = {2019},
    doi = {10.1101/060012},
    publisher = {Cold Spring Harbor Labs Journals},
    url = {http://biorxiv.org/content/early/2016/06/20/060012},
    journal = {bioRxiv},
  }


% 36300620 
@Article{pmid36300620,
   Author="Kanehisa, M.  and Furumichi, M.  and Sato, Y.  and Kawashima, M.  and Ishiguro-Watanabe, M. ",
   Title="{{K}{E}{G}{G} for taxonomy-based analysis of pathways and genomes}",
   Journal="Nucleic Acids Res",
   Year="2023",
   Volume="51",
   Number="D1",
   Pages="D587-D592",
   Month="Jan"
}

% 23740750 
@Article{pmid23740750,
   Author="Luo, W.  and Brouwer, C. ",
   Title="{{P}athview: an {R}/{B}ioconductor package for pathway-based data integration and visualization}",
   Journal="Bioinformatics",
   Year="2013",
   Volume="29",
   Number="14",
   Pages="1830--1831",
   Month="Jul"
}

% 33231642 
@Article{pmid33231642,
   Author="Blake, J. A.  and Baldarelli, R.  and Kadin, J. A.  and Richardson, J. E.  and Smith, C. L.  and Bult, C. J.  and Anagnostopoulos, A. V.  and Beal, J. S.  and Bello, S. M.  and Blodgett, O.  and Butler, N. E.  and Campbell, J.  and Christie, K. R.  and Corbani, L. E.  and Dolan, M. E.  and Drabkin, H. J.  and Flores, M.  and Giannatto, S. L.  and Guerra, A.  and Hale, P.  and Hill, D. P.  and Judd, J.  and Law, M.  and McAndrews, M.  and Miers, D.  and Mitchell, C.  and Motenko, H.  and Ni, L.  and Onda, H.  and Ormsby, J.  and Perry, M.  and Recla, J. M.  and Shaw, D.  and Sitnikov, D.  and Tomczuk, M.  and Wilming, L.  and Zhu, Y. '",
   Title="{{M}ouse {G}enome {D}atabase ({M}{G}{D}): {K}nowledgebase for mouse-human comparative biology}",
   Journal="Nucleic Acids Res",
   Year="2021",
   Volume="49",
   Number="D1",
   Pages="D981-D987",
   Month="Jan"
}

@Manual{R_annotate,
    title = {annotate: Annotation for microarrays},
    author = {Jeff Gentry},
    year = {2024},
    note = {R package version 1.82.0},
  }

% 24413670 
@Article{pmid24413670,
   Author="Gatto, L.  and Breckels, L. M.  and Wieczorek, S.  and Burger, T.  and Lilley, K. S. ",
   Title="{{M}ass-spectrometry-based spatial proteomics data analysis using p{R}oloc and p{R}olocdata}",
   Journal="Bioinformatics",
   Year="2014",
   Volume="30",
   Number="9",
   Pages="1322--1324",
   Month="May"
}

% 19841271 
@Article{pmid19841271,
   Author="Sears, D. D.  and Hsiao, G.  and Hsiao, A.  and Yu, J. G.  and Courtney, C. H.  and Ofrecio, J. M.  and Chapman, J.  and Subramaniam, S. ",
   Title="{{M}echanisms of human insulin resistance and thiazolidinedione-mediated insulin sensitization}",
   Journal="Proc Natl Acad Sci U S A",
   Year="2009",
   Volume="106",
   Number="44",
   Pages="18745--18750",
   Month="Nov"
}

% 20959535 
@Article{pmid20959535,
   Author="Hsiao, G.  and Chapman, J.  and Ofrecio, J. M.  and Wilkes, J.  and Resnik, J. L.  and Thapar, D.  and Subramaniam, S.  and Sears, D. D. ",
   Title="{modulation of insulin sensitivity and metabolic pathways in obese rats}",
   Journal="Am J Physiol Endocrinol Metab",
   Year="2011",
   Volume="300",
   Number="1",
   Pages="E164--174",
   Month="Jan"
}

% 22560213 
@Article{pmid22560213,
   Author="Newgard, C. B. ",
   Title="{{I}nterplay between lipids and branched-chain amino acids in development of insulin resistance}",
   Journal="Cell Metab",
   Year="2012",
   Volume="15",
   Number="5",
   Pages="606--614",
   Month="May"
}


% 22955828 
@Article{pmid22955828,
   Author="Maurano, M. T.  and Humbert, R.  and Rynes, E.  and Thurman, R. E.  and Haugen, E.  and Wang, H.  and Reynolds, A. P.  and Sandstrom, R.  and Qu, H.  and Brody, J.  and Shafer, A.  and Neri, F.  and Lee, K.  and Kutyavin, T.  and Stehling-Sun, S.  and Johnson, A. K.  and Canfield, T. K.  and Giste, E.  and Diegel, M.  and Bates, D.  and Hansen, R. S.  and Neph, S.  and Sabo, P. J.  and Heimfeld, S.  and Raubitschek, A.  and Ziegler, S.  and Cotsapas, C.  and Sotoodehnia, N.  and Glass, I.  and Sunyaev, S. R.  and Kaul, R.  and Stamatoyannopoulos, J. A. ",
   Title="{{S}ystematic localization of common disease-associated variation in regulatory {D}{N}{A}}",
   Journal="Science",
   Year="2012",
   Volume="337",
   Number="6099",
   Pages="1190--1195",
   Month="Sep"
}

% 25363779 
@Article{pmid25363779,
   Author="Farh, K. K.  and Marson, A.  and Zhu, J.  and Kleinewietfeld, M.  and Housley, W. J.  and Beik, S.  and Shoresh, N.  and Whitton, H.  and Ryan, R. J.  and Shishkin, A. A.  and Hatan, M.  and Carrasco-Alfonso, M. J.  and Mayer, D.  and Luckey, C. J.  and Patsopoulos, N. A.  and De Jager, P. L.  and Kuchroo, V. K.  and Epstein, C. B.  and Daly, M. J.  and Hafler, D. A.  and Bernstein, B. E. ",
   Title="{{G}enetic and epigenetic fine mapping of causal autoimmune disease variants}",
   Journal="Nature",
   Year="2015",
   Volume="518",
   Number="7539",
   Pages="337--343",
   Month="Feb"
}

% 21617055 
@Article{pmid21617055,
   Author="Pennisi, E. ",
   Title="{{T}he {B}iology of {G}enomes. {D}isease risk links to gene regulation}",
   Journal="Science",
   Year="2011",
   Volume="332",
   Number="6033",
   Pages="1031",
   Month="May"
}

% 19474294 
@Article{pmid19474294,
   Author="Hindorff, L. A.  and Sethupathy, P.  and Junkins, H. A.  and Ramos, E. M.  and Mehta, J. P.  and Collins, F. S.  and Manolio, T. A. ",
   Title="{{P}otential etiologic and functional implications of genome-wide association loci for human diseases and traits}",
   Journal="Proc Natl Acad Sci",
   Year="2009",
   Volume="106",
   Number="23",
   Pages="9362--9367",
   Month="Jun"
}


% 27019110 
@Article{pmid27019110,
   Author="Zhu, Z.  and Zhang, F.  and Hu, H.  and Bakshi, A.  and Robinson, M. R.  and Powell, J. E.  and Montgomery, G. W.  and Goddard, M. E.  and Wray, N. R.  and Visscher, P. M.  and Yang, J. ",
   Title="{{I}ntegration of summary data from {G}{W}{A}{S} and e{Q}{T}{L} studies predicts complex trait gene targets}",
   Journal="Nat Genet",
   Year="2016",
   Volume="48",
   Number="5",
   Pages="481--487",
   Month="May"
}

% 38548990 
@Article{pmid38548990,
   Author="Natri, H. M.  and Del Azodi, C. B.  and Peter, L.  and Taylor, C. J.  and Chugh, S.  and Kendle, R.  and Chung, M. I.  and Flaherty, D. K.  and Matlock, B. K.  and Calvi, C. L.  and Blackwell, T. S.  and Ware, L. B.  and Bacchetta, M.  and Walia, R.  and Shaver, C. M.  and Kropski, J. A.  and McCarthy, D. J.  and Banovich, N. E. ",
   Title="{{C}ell-type-specific and disease-associated expression quantitative trait loci in the human lung}",
   Journal="Nat Genet",
   Year="2024",
   Volume="56",
   Number="4",
   Pages="595--604",
   Month="Apr"
}


% 26385979 
@Article{pmid26385979,
   Author="Tian, J.  and Keller, M. P.  and Oler, A. T.  and Rabaglia, M. E.  and Schueler, K. L.  and Stapleton, D. S.  and Broman, A. T.  and Zhao, W.  and Kendziorski, C.  and Yandell, B. S.  and Hagenbuch, B.  and Broman, K. W.  and Attie, A. D. ",
   Title="{{I}dentification of the {B}ile {A}cid {T}ransporter {S}lco1a6 as a {C}andidate {G}ene {T}hat {B}roadly {A}ffects {G}ene {E}xpression in {M}ouse {P}ancreatic {I}slets}",
   Journal="Genetics",
   Year="2015",
   Volume="201",
   Number="3",
   Pages="1253--1262",
   Month="Nov"
}


% 26837753 
@Article{pmid26837753,
   Author="Tian, J.  and Keller, M. P.  and Broman, A. T.  and Kendziorski, C.  and Yandell, B. S.  and Attie, A. D.  and Broman, K. W. ",
   Title="{{T}he {D}issection of {E}xpression {Q}uantitative {T}rait {L}ocus {H}otspots}",
   Journal="Genetics",
   Year="2016",
   Volume="202",
   Number="4",
   Pages="1563--1574",
   Month="Apr"
}

% 30014850 
@Article{pmid30014850,
   Author="Albert, F. W.  and Bloom, J. S.  and Siegel, J.  and Day, L.  and Kruglyak, L. ",
   Title="{-regulatory variation in gene expression}",
   Journal="Elife",
   Year="2018",
   Volume="7",
   Month="Jul"
}

% 16968208 
@Article{pmid16968208,
   Author="MacKinnon, D. P.  and Fairchild, A. J.  and Fritz, M. S. ",
   Title="{{M}ediation analysis}",
   Journal="Annu Rev Psychol",
   Year="2007",
   Volume="58",
   Pages="593--614"
}

% 27126046 
@Article{pmid27126046,
   Author="Li, Y. I.  and van de Geijn, B.  and Raj, A.  and Knowles, D. A.  and Petti, A. A.  and Golan, D.  and Gilad, Y.  and Pritchard, J. K. ",
   Title="{{R}{N}{A} splicing is a primary link between genetic variation and disease}",
   Journal="Science",
   Year="2016",
   Volume="352",
   Number="6285",
   Pages="600--604",
   Month="Apr"
}

% 24702953 
@Article{pmid24702953,
   Author="Pickrell, J. K. ",
   Title="{{J}oint analysis of functional genomic data and genome-wide association studies of 18 human traits}",
   Journal="Am J Hum Genet",
   Year="2014",
   Volume="94",
   Number="4",
   Pages="559--573",
   Month="Apr"
}

% 24316577 
@Article{pmid24316577,
   Author="Welter, D.  and MacArthur, J.  and Morales, J.  and Burdett, T.  and Hall, P.  and Junkins, H.  and Klemm, A.  and Flicek, P.  and Manolio, T.  and Hindorff, L.  and Parkinson, H. ",
   Title="{{T}he {N}{H}{G}{R}{I} {G}{W}{A}{S} {C}atalog, a curated resource of {S}{N}{P}-trait associations}",
   Journal="Nucleic Acids Res",
   Year="2014",
   Volume="42",
   Number="Database issue",
   Pages="D1001--1006",
   Month="Jan"
}

% 28709925 
@Article{pmid28709925,
   Author="Barton, N. H.  and Etheridge, A. M.  and ber, A. ",
   Title="{{T}he infinitesimal model: {D}efinition, derivation, and implications}",
   Journal="Theor Popul Biol",
   Year="2017",
   Volume="118",
   Pages="50--73",
   Month="Dec"
}

@article{fisher1919xv,
  title={The correlation between relatives on the supposition of Mendelian inheritance.},
  author={Fisher, Ronald A},
  journal={Earth and Environmental Science Transactions of the Royal Society of Edinburgh},
  volume={52},
  number={2},
  pages={399--433},
  year={1919},
  publisher={Royal Society of Edinburgh Scotland Foundation}
}

% 27346688 
@Article{pmid27346688,
   Author="Shi, H.  and Kichaev, G.  and Pasaniuc, B. ",
   Title="{{C}ontrasting the {G}enetic {A}rchitecture of 30 {C}omplex {T}raits from {S}ummary {A}ssociation {D}ata}",
   Journal="Am J Hum Genet",
   Year="2016",
   Volume="99",
   Number="1",
   Pages="139--153",
   Month="Jul"
}

% 20562875 
@Article{pmid20562875,
   Author="Yang, J.  and Benyamin, B.  and McEvoy, B. P.  and Gordon, S.  and Henders, A. K.  and Nyholt, D. R.  and Madden, P. A.  and Heath, A. C.  and Martin, N. G.  and Montgomery, G. W.  and Goddard, M. E.  and Visscher, P. M. ",
   Title="{{C}ommon {S}{N}{P}s explain a large proportion of the heritability for human height}",
   Journal="Nat Genet",
   Year="2010",
   Volume="42",
   Number="7",
   Pages="565--569",
   Month="Jul"
}

% 26432225 
@Article{pmid26432225,
   Author="Green, E. D.  and Watson, J. D.  and Collins, F. S. ",
   Title="{{H}uman {G}enome {P}roject: {T}wenty-five years of big biology}",
   Journal="Nature",
   Year="2015",
   Volume="526",
   Number="7571",
   Pages="29--31",
   Month="Oct"
}

% 28622505 
@Article{pmid28622505,
   Author="Boyle, E. A.  and Li, Y. I.  and Pritchard, J. K. ",
   Title="{{A}n {E}xpanded {V}iew of {C}omplex {T}raits: {F}rom {P}olygenic to {O}mnigenic}",
   Journal="Cell",
   Year="2017",
   Volume="169",
   Number="7",
   Pages="1177--1186",
   Month="Jun"
}

% 25237114 
@Article{pmid25237114,
   Author="Gatti, D. M.  and Svenson, K. L.  and Shabalin, A.  and Wu, L. Y.  and Valdar, W.  and Simecek, P.  and Goodwin, N.  and Cheng, R.  and Pomp, D.  and Palmer, A.  and Chesler, E. J.  and Broman, K. W.  and Churchill, G. A. ",
   Title="{{Q}uantitative trait locus mapping methods for diversity outbred mice}",
   Journal="G3 (Bethesda)",
   Year="2014",
   Volume="4",
   Number="9",
   Pages="1623--1633",
   Month="Sep"
}

% 22892839 
@Article{pmid22892839,
   Author="Churchill, G. A.  and Gatti, D. M.  and Munger, S. C.  and Svenson, K. L. ",
   Title="{{T}he {D}iversity {O}utbred mouse population}",
   Journal="Mamm Genome",
   Year="2012",
   Volume="23",
   Number="9-10",
   Pages="713--718",
   Month="Oct"
}

% 22345611 
@Article{pmid22345611,
   Author="Svenson, K. L.  and Gatti, D. M.  and Valdar, W.  and Welsh, C. E.  and Cheng, R.  and Chesler, E. J.  and Palmer, A. A.  and McMillan, L.  and Churchill, G. A. ",
   Title="{{H}igh-resolution genetic mapping using the {M}ouse {D}iversity outbred population}",
   Journal="Genetics",
   Year="2012",
   Volume="190",
   Number="2",
   Pages="437--447",
   Month="Feb"
}

% 26684931 
@Article{pmid26684931,
   Author="Morgan, A. P.  and Fu, C. P.  and Kao, C. Y.  and Welsh, C. E.  and Didion, J. P.  and Yadgary, L.  and Hyacinth, L.  and Ferris, M. T.  and Bell, T. A.  and Miller, D. R.  and Giusti-Rodriguez, P.  and Nonneman, R. J.  and Cook, K. D.  and Whitmire, J. K.  and Gralinski, L. E.  and Keller, M.  and Attie, A. D.  and Churchill, G. A.  and Petkov, P.  and Sullivan, P. F.  and Brennan, J. R.  and McMillan, L.  and Pardo-Manuel de Villena, F. ",
   Title="{{T}he {M}ouse {U}niversal {G}enotyping {A}rray: {F}rom {S}ubstrains to {S}ubspecies}",
   Journal="G3 (Bethesda)",
   Year="2015",
   Volume="6",
   Number="2",
   Pages="263--279",
   Month="Dec"
}

% 37857933 
@Article{pmid37857933,
   Author="Mostafavi, H.  and Spence, J. P.  and Naqvi, S.  and Pritchard, J. K. ",
   Title="{{S}ystematic differences in discovery of genetic effects on gene expression and complex traits}",
   Journal="Nat Genet",
   Year="2023",
   Volume="55",
   Number="11",
   Pages="1866--1875",
   Month="Nov"
}

% 36515579 
@Article{pmid36515579,
   Author="Connally, N. J.  and Nazeen, S.  and Lee, D.  and Shi, H.  and Stamatoyannopoulos, J.  and Chun, S.  and Cotsapas, C.  and Cassa, C. A.  and Sunyaev, S. R. ",
   Title="{{T}he missing link between genetic association and regulatory function}",
   Journal="Elife",
   Year="2022",
   Volume="11",
   Month="Dec"
}

% 32912663 
@Article{pmid32912663,
   Author="Umans, B. D.  and Battle, A.  and Gilad, Y. ",
   Title="{{W}here {A}re the {D}isease-{A}ssociated e{Q}{T}{L}s?}",
   Journal="Trends Genet",
   Year="2021",
   Volume="37",
   Number="2",
   Pages="109--124",
   Month="Feb"
}

% 31051098 
@Article{pmid31051098,
   Author="Liu, X.  and Li, Y. I.  and Pritchard, J. K. ",
   Title="{{T}rans {E}ffects on {G}ene {E}xpression {C}an {D}rive {O}mnigenic {I}nheritance}",
   Journal="Cell",
   Year="2019",
   Volume="177",
   Number="4",
   Pages="1022--1034",
   Month="May"
}

% 26854917 
@Article{pmid26854917,
   Author="Gusev, A.  and Ko, A.  and Shi, H.  and Bhatia, G.  and Chung, W.  and Penninx, B. W.  and Jansen, R.  and de Geus, E. J.  and Boomsma, D. I.  and Wright, F. A.  and Sullivan, P. F.  and Nikkola, E.  and Alvarez, M.  and Civelek, M.  and Lusis, A. J.  and ki, T.  and Raitoharju, E.  and nen, M.  and ä, I.  and Raitakari, O. T.  and Kuusisto, J.  and Laakso, M.  and Price, A. L.  and Pajukanta, P.  and Pasaniuc, B. ",
   Title="{{I}ntegrative approaches for large-scale transcriptome-wide association studies}",
   Journal="Nat Genet",
   Year="2016",
   Volume="48",
   Number="3",
   Pages="245--252",
   Month="Mar"
}

% 26258848 
@Article{pmid26258848,
   Author="Gamazon, E. R.  and Wheeler, H. E.  and Shah, K. P.  and Mozaffari, S. V.  and Aquino-Michaels, K.  and Carroll, R. J.  and Eyler, A. E.  and Denny, J. C.  and Nicolae, D. L.  and Cox, N. J.  and Im, H. K. ",
   Title="{{A} gene-based association method for mapping traits using reference transcriptome data}",
   Journal="Nat Genet",
   Year="2015",
   Volume="47",
   Number="9",
   Pages="1091--1098",
   Month="Sep"
}

% 17389767 
@Article{pmid17389767,
   Author="Stienstra, R.  and Duval, C.  and ller, M.  and Kersten, S. ",
   Title="{{P}{P}{A}{R}s, {O}besity, and {I}nflammation}",
   Journal="PPAR Res",
   Year="2007",
   Volume="2007",
   Pages="95974"
}

% 16403437 
@Article{pmid16403437,
   Author="Motomura, W.  and Inoue, M.  and Ohtake, T.  and Takahashi, N.  and Nagamine, M.  and Tanno, S.  and Kohgo, Y.  and Okumura, T. ",
   Title="{{U}p-regulation of {A}{D}{R}{P} in fatty liver in human and liver steatosis in mice fed with high fat diet}",
   Journal="Biochem Biophys Res Commun",
   Year="2006",
   Volume="340",
   Number="4",
   Pages="1111--1118",
   Month="Feb"
}

% 16357043 
@Article{pmid16357043,
   Author="Patsouris, D.  and Reddy, J. K.  and ller, M.  and Kersten, S. ",
   Title="{{P}eroxisome proliferator-activated receptor alpha mediates the effects of high-fat diet on hepatic gene expression}",
   Journal="Endocrinology",
   Year="2006",
   Volume="147",
   Number="3",
   Pages="1508--1516",
   Month="Mar"
}

% 15644454 
@Article{pmid15644454,
   Author="Schadinger, S. E.  and Bucher, N. L.  and Schreiber, B. M.  and Farmer, S. R. ",
   Title="{{P}{P}{A}{R}gamma2 regulates lipogenesis and lipid accumulation in steatotic hepatocytes}",
   Journal="Am J Physiol Endocrinol Metab",
   Year="2005",
   Volume="288",
   Number="6",
   Pages="E1195--1205",
   Month="Jun"
}

% 12805374 
@Article{pmid12805374,
   Author="Gavrilova, O.  and Haluzik, M.  and Matsusue, K.  and Cutson, J. J.  and Johnson, L.  and Dietz, K. R.  and Nicol, C. J.  and Vinson, C.  and Gonzalez, F. J.  and Reitman, M. L. ",
   Title="{{L}iver peroxisome proliferator-activated receptor gamma contributes to hepatic steatosis, triglyceride clearance, and regulation of body fat mass}",
   Journal="J Biol Chem",
   Year="2003",
   Volume="278",
   Number="36",
   Pages="34268--34276",
   Month="Sep"
}

% 12618528 
@Article{pmid12618528,
   Author="Matsusue, K.  and Haluzik, M.  and Lambert, G.  and Yim, S. H.  and Gavrilova, O.  and Ward, J. M.  and Brewer, B.  and Reitman, M. L.  and Gonzalez, F. J. ",
   Title="{{L}iver-specific disruption of {P}{P}{A}{R}gamma in leptin-deficient mice improves fatty liver but aggravates diabetic phenotypes}",
   Journal="J Clin Invest",
   Year="2003",
   Volume="111",
   Number="5",
   Pages="737--747",
   Month="Mar"
}

@Article{pmid33020666,
   Author="Zhou, D.  and Jiang, Y.  and Zhong, X.  and Cox, N. J.  and Liu, C.  and Gamazon, E. R. ",
   Title="{{A} unified framework for joint-tissue transcriptome-wide association and {M}endelian randomization analysis}",
   Journal="Nat Genet",
   Year="2020",
   Volume="52",
   Number="11",
   Pages="1239--1246",
   Month="Nov"
}

@Manual{rgcca,
    title = {{RGCCA}: Regularized and Sparse Generalized Canonical Correlation Analysis for Multiblock Data},
    author = {Fabien Girka and Etienne Camenen and Caroline Peltier and Arnaud Gloaguen and Vincent Guillemot and Laurent {Le Brusquet} and Arthur Tenenhaus},
    year = {2023},
    note = {R package version 3.0.3},
    url = {https://CRAN.R-project.org/package=RGCCA},
  }

% 30950127 
@Article{pmid30950127,
   Author="Wheeler, H. E.  and Ploch, S.  and Barbeira, A. N.  and Bonazzola, R.  and Andaleon, A.  and Fotuhi Siahpirani, A.  and Saha, A.  and Battle, A.  and Roy, S.  and Im, H. K. ",
   Title="{{I}mputed gene associations identify replicable trans-acting genes enriched in transcription pathways and complex traits}",
   Journal="Genet Epidemiol",
   Year="2019",
   Volume="43",
   Number="6",
   Pages="596--608",
   Month="Sep"
}

% 28592500 
@Article{pmid28592500,
   Author="Tyler, A. L.  and Ji, B.  and Gatti, D. M.  and Munger, S. C.  and Churchill, G. A.  and Svenson, K. L.  and Carter, G. W. ",
   Title="{{E}pistatic {N}etworks {J}ointly {I}nfluence {P}henotypes {R}elated to {M}etabolic {D}isease and {G}ene {E}xpression in {D}iversity {O}utbred {M}ice}",
   Journal="Genetics",
   Year="2017",
   Volume="206",
   Number="2",
   Pages="621--639",
   Month="Jun"
}

